@misc{huang_towards_2023,
	title = {Towards {Reasoning} in {Large} {Language} {Models}: {A} {Survey}},
	shorttitle = {Towards {Reasoning} in {Large} {Language} {Models}},
	url = {http://arxiv.org/abs/2212.10403},
	doi = {10.48550/arXiv.2212.10403},
	urldate = {2025-05-16},
	publisher = {arXiv},
	author = {Huang, Jie and Chang, Kevin Chen-Chuan},
	month = may,
	year = {2023},
	annote = {Comment: ACL 2023 Findings, 15 pages}
}

@misc{xu_towards_2025,
	title = {Towards {Large} {Reasoning} {Models}: {A} {Survey} of {Reinforced} {Reasoning} with {Large} {Language} {Models}},
	shorttitle = {Towards {Large} {Reasoning} {Models}},
	url = {http://arxiv.org/abs/2501.09686},
	doi = {10.48550/arXiv.2501.09686},
	urldate = {2025-05-16},
	publisher = {arXiv},
	author = {Xu, Fengli and Hao, Qianyue and Zong, Zefang and Wang, Jingwei and Zhang, Yunke and Wang, Jingyi and Lan, Xiaochong and Gong, Jiahui and Ouyang, Tianjian and Meng, Fanjin and Shao, Chenyang and Yan, Yuwei and Yang, Qinglong and Song, Yiwen and Ren, Sijian and Hu, Xinyuan and Li, Yu and Feng, Jie and Gao, Chen and Li, Yong},
	month = jan,
	year = {2025},
	annote = {Comment: 36 pages, 5 figures}
}

@article{ott_thoughtsource_2023,
	title = {{ThoughtSource}: {A} central hub for large language model reasoning data},
	volume = {10},
	issn = {2052-4463},
	shorttitle = {{ThoughtSource}},
	url = {https://www.nature.com/articles/s41597-023-02433-3},
	doi = {10.1038/s41597-023-02433-3},
	number = {1},
	urldate = {2025-05-16},
	journal = {Scientific Data},
	author = {Ott, Simon and Hebenstreit, Konstantin and Liévin, Valentin and Hother, Christoffer Egeberg and Moradi, Milad and Mayrhauser, Maximilian and Praas, Robert and Winther, Ole and Samwald, Matthias},
	month = aug,
	year = {2023}
}


@misc{hochlehnert_sober_2025,
	title = {A {Sober} {Look} at {Progress} in {Language} {Model} {Reasoning}: {Pitfalls} and {Paths} to {Reproducibility}},
	shorttitle = {A {Sober} {Look} at {Progress} in {Language} {Model} {Reasoning}},
	url = {http://arxiv.org/abs/2504.07086},
	doi = {10.48550/arXiv.2504.07086},
	urldate = {2025-05-16},
	publisher = {arXiv},
	author = {Hochlehnert, Andreas and Bhatnagar, Hardik and Udandarao, Vishaal and Albanie, Samuel and Prabhu, Ameya and Bethge, Matthias},
	month = apr,
	year = {2025},
	annote = {Comment: Technical Report}
}


@misc{muennighoff_s1_2025,
	title = {s1: {Simple} test-time scaling},
	shorttitle = {s1},
	url = {http://arxiv.org/abs/2501.19393},
	doi = {10.48550/arXiv.2501.19393},
	urldate = {2025-05-18},
	publisher = {arXiv},
	author = {Muennighoff, Niklas and Yang, Zitong and Shi, Weijia and Li, Xiang Lisa and Fei-Fei, Li and Hajishirzi, Hannaneh and Zettlemoyer, Luke and Liang, Percy and Candès, Emmanuel and Hashimoto, Tatsunori},
	month = mar,
	year = {2025},
	annote = {Comment: 46 pages (9 main), 10 figures, 15 tables}
}

@misc{he2024olympiadbench,
      title={OlympiadBench: A Challenging Benchmark for Promoting AGI with Olympiad-Level Bilingual Multimodal Scientific Problems}, 
      author={Chaoqun He and Renjie Luo and Yuzhuo Bai and Shengding Hu and Zhen Leng Thai and Junhao Shen and Jinyi Hu and Xu Han and Yujie Huang and Yuxiang Zhang and Jie Liu and Lei Qi and Zhiyuan Liu and Maosong Sun},
      year={2024},
      eprint={2402.14008}
}


@misc{jain_livecodebench_2024,
	title = {{LiveCodeBench}: {Holistic} and {Contamination} {Free} {Evaluation} of {Large} {Language} {Models} for {Code}},
	shorttitle = {{LiveCodeBench}},
	url = {http://arxiv.org/abs/2403.07974},
	doi = {10.48550/arXiv.2403.07974},
	urldate = {2025-05-20},
	publisher = {arXiv},
	author = {Jain, Naman and Han, King and Gu, Alex and Li, Wen-Ding and Yan, Fanjia and Zhang, Tianjun and Wang, Sida and Solar-Lezama, Armando and Sen, Koushik and Stoica, Ion},
	month = jun,
	year = {2024},
	annote = {Comment: Website - https://livecodebench.github.io/}
}


@misc{zheng_minif2f_2022,
	title = {{MiniF2F}: a cross-system benchmark for formal {Olympiad}-level mathematics},
	shorttitle = {{MiniF2F}},
	url = {http://arxiv.org/abs/2109.00110},
	doi = {10.48550/arXiv.2109.00110},
	urldate = {2025-05-20},
	publisher = {arXiv},
	author = {Zheng, Kunhao and Han, Jesse Michael and Polu, Stanislas},
	month = feb,
	year = {2022},
	annote = {Comment: Published as a conference paper at ICLR 2022}
}
